%% This BibTeX bibliography file was created using BibDesk.
%% http://bibdesk.sourceforge.net/


%% Created for Jeremy Clark at 2013-06-21 13:51:31 -0400 


%% Saved with string encoding Unicode (UTF-8) 



@inproceedings{RS96,
	Author = {R L Rivest and A Shamir},
	Booktitle = {Security Protocols},
	Date-Added = {2011-09-15 13:57:15 -0400},
	Date-Modified = {2011-09-15 13:58:56 -0400},
	Title = {{PayWord} and {MicroMint}: two simple micropayment schemes},
	Year = {1996}}

@misc{Nak08,
	Author = {S Nakamoto},
	Date-Added = {2011-09-15 13:46:23 -0400},
	Date-Modified = {2011-09-15 13:56:12 -0400},
	Howpublished = {Unpublished},
	Title = {Bitcoin: A peer-to-peer electionic cash system},
	Year = {2008}}

@inproceedings{JJ99,
	Author = {M Jakobsson and A Juels},
	Booktitle = {Communications and Multimedia Security},
	Date-Added = {2011-09-07 18:17:13 -0400},
	Date-Modified = {2011-09-07 18:18:26 -0400},
	Title = {Proofs of work and bread pudding protocols},
	Year = {1999}}

@inproceedings{JB99,
	Author = {A Juels and J Brainard},
	Booktitle = {NDSS},
	Date-Added = {2011-09-07 18:03:16 -0400},
	Date-Modified = {2011-09-07 18:05:47 -0400},
	Title = {Client Puzzles: A Cryptographic Defense Against Con- nection Depletion Attacks},
	Year = {1999}}

@techreport{RSW96,
	Author = {R L Rivest and A Shamir and D A Wagner},
	Date-Added = {2011-09-07 17:59:58 -0400},
	Date-Modified = {2011-09-07 18:00:49 -0400},
	Institution = {MIT},
	Number = {TR-684},
	Title = {Time-lock puzzles and timed-release crypto},
	Year = {1996}}

@misc{Back02,
	Author = {A Back},
	Date-Added = {2011-09-07 17:53:48 -0400},
	Date-Modified = {2011-09-07 17:59:25 -0400},
	Title = {Hashcash: a denial of service counter-measure},
	Year = {2002}}

@inproceedings{DN93,
	Author = {C Dwork and M Naor},
	Booktitle = {CRYPTO},
	Date-Added = {2011-09-07 17:44:54 -0400},
	Date-Modified = {2011-09-07 17:45:30 -0400},
	Title = {Pricing via Processing or Combatting Junk Mail},
	Year = {1992}}

@inproceedings{HS97,
	Author = {S A Haber and W S Stornetta},
	Booktitle = {CCS},
	Date-Added = {2011-09-07 17:36:55 -0400},
	Date-Modified = {2011-09-07 17:53:44 -0400},
	Title = {Secure names for bit-strings},
	Year = {1997}}

@inproceedings{HS90,
	Author = {S Haber and W S Stornetta},
	Booktitle = {CRYPTO},
	Date-Added = {2011-09-07 17:01:08 -0400},
	Date-Modified = {2011-09-07 17:02:03 -0400},
	Title = {How to Time-Stamp a Digital Document},
	Year = {1990}}

@inproceedings{DSS06,
  title={Blending different latency traffic with alpha-mixing},
  author={Dingledine, Roger and Serjantov, Andrei and Syverson, Paul},
  booktitle={Privacy Enhancing Technologies},
  pages={245--257},
  year={2006},
  organization={Springer}
}

@inproceedings{SDS03,
  title={From a trickle to a flood: Active attacks on several mix types},
  author={Serjantov, Andrei and Dingledine, Roger and Syverson, Paul},
  booktitle={Information Hiding},
  pages={36--52},
  year={2003},
  organization={Springer}
}

@article{Cha81,
  title={Untraceable electronic mail, return addresses, and digital pseudonyms},
  author={Chaum, David},
  journal={Communications of the ACM},
  volume={24},
  number={2},
  pages={84--90},
  year={1981},
  publisher={ACM}
}

@inproceedings{SD03,
  title={Towards an information theoretic metric for anonymity},
  author={Serjantov, Andrei and Danezis, George},
  booktitle={Privacy Enhancing Technologies},
  pages={41--53},
  year={2003},
  organization={Springer}
}
